@ARTICLE{8491305,
title={Automatic Curation of Sports Highlights using Multimodal Excitement Features},
author={M. {Merler} and K. C. {Mac} and D. {Joshi} and Q. {Nguyen} and S. {Hammer} and J. {Kent} and J. {Xiong} and M. N. {Do} and J. R. {Smith} and R. {Feris}}, 
journal={IEEE Transactions on Multimedia}, 
year={2018}, 
volume={}, 
number={}, 
pages={1-1}, 
keywords={Sports;Visualization;Games;Metadata;Training data;Streaming media}, 
doi={10.1109/TMM.2018.2876046}, 
ISSN={1520-9210}, 
month={},}

@ARTICLE{7479531, 
author={A. {Javed} and K. B. {Bajwa} and H. {Malik} and A. {Irtaza}}, 
journal={IEEE Signal Processing Letters}, 
title={An Efficient Framework for Automatic Highlights Generation from Sports Videos}, 
year={2016}, 
volume={23}, 
number={7}, 
pages={954-958}, 
keywords={computational complexity;higher order statistics;video signal processing;automatic highlights generation;sports videos;replay detection;gradual transition effect;replay segment;score captions;dual-threshold-based method;temporal running average;temporal variations;first-order statistics;second-order statistics;optical character recognition stage;live frame labeling;SC detection stage;GT detection process;computational complexity;Videos;Character recognition;Histograms;Optical character recognition software;Sports equipment;Lighting;Computational efficiency;Gradual transition;highlights;replay detection;score-caption;temporal running average;Gradual transition (GT);highlights;replay detection;score caption (SC);temporal running average}, 
doi={10.1109/LSP.2016.2573042}, 
ISSN={1070-9908}, 
month={July},}

@ARTICLE{7101847, 
author={M. H. {Kolekar} and S. {Sengupta}}, 
journal={IEEE Transactions on Broadcasting}, 
title={Bayesian Network-Based Customized Highlight Generation for Broadcast Soccer Videos}, 
year={2015}, 
volume={61}, 
number={2}, 
pages={195-209}, 
keywords={Bayes methods;image sequences;probability;television broadcasting;video communication;semantic concept-label;probabilistic Bayesian belief network;audio feature;sports TV broadcasting;broadcast soccer video sequence;customized highlight generation;Videos;Feature extraction;Semantics;Bayes methods;Image color analysis;Video sequences;Games;Bayesian belief network (BBN);sports highlights;semantic annotation;event detection;soccer video indexing;Bayesian belief network (BBN);sports highlights;semantic annotation;event detection;soccer video indexing}, 
doi={10.1109/TBC.2015.2424011}, 
ISSN={0018-9316}, 
month={June},}

@INPROCEEDINGS{8575397, 
author={P. {Shukla} and H. {Sadana} and A. {Bansal} and D. {Verma} and C. {Elmadjian} and B. {Raman} and M. {Turk}}, 
booktitle={2018 IEEE/CVF Conference on Computer Vision and Pattern Recognition Workshops (CVPRW)}, 
title={Automatic Cricket Highlight Generation Using Event-Driven and Excitement-Based Features}, 
year={2018}, 
volume={}, 
number={}, 
pages={1881-18818}, 
keywords={feature selection;sport;video signal processing;automatic cricket highlight generation;excitement-based features;labor-intensive work;cricket match;audio intensity;sports highlights;Sports;Games;Hidden Markov models;Support vector machines;Optical character recognition software;Cameras;Training}, 
doi={10.1109/CVPRW.2018.00233}, 
ISSN={2160-7516}, 
month={June},}

@ARTICLE{1632043, 
author={
Chih-Chieh Cheng and Chiou-Ting Hsu}, 
journal={IEEE Transactions on Multimedia}, 
title={Fusion of audio and motion information on HMM-based highlight extraction for baseball games}, 
year={2006}, 
volume={8}, 
number={3}, 
pages={585-599}, 
keywords={sport;video signal processing;video databases;audio signals;image motion analysis;hidden Markov models;maximum likelihood estimation;feature extraction;audio feature;motion feature;baseball game highlight extraction;feature representation;audio likelihood model;motion likelihood model;hidden Markov model;video database;Hidden Markov models;Data mining;Games;Space technology;Feature extraction;Spatial databases;Motion measurement;Robustness;Cameras;TV broadcasting;Audio feature;camera motion;hidden Markov model;highlight extraction;likelihood model;object motion intensity}, 
doi={10.1109/TMM.2006.870726}, 
ISSN={1520-9210}, 
month={June},}

@INPROCEEDINGS{4756096, 
author={M. H. {Kolekar} and K. {Palaniappan} and S. {Sengupta}}, 
booktitle={2008 Sixth Indian Conference on Computer Vision, Graphics Image Processing}, 
title={Semantic Event Detection and Classification in Cricket Video Sequence}, 
year={2008}, 
volume={}, 
number={}, 
pages={382-389}, 
keywords={image classification;image sequences;video signal processing;cricket video sequence;semantic event detection;cricket event classification;topdown video event detection;hierarchical tree;dominant grass color ratio;edge density feature;temporal analysis;structural analysis;Event detection;Video sequences;Layout;Classification tree analysis;TV broadcasting;Digital video broadcasting;Games;Computer vision;Computer graphics;Image processing;event detection;sports video;cricket;excitement detection}, 
doi={10.1109/ICVGIP.2008.102}, 
ISSN={}, 
month={Dec},}

@article{canalysis,
author = {Maheshkumar H. Kolekar, Somnath Senguptak},
year = {2007},
title = {Caption Content Analysis Based Automated Cricket
Highlight Generation},
}

@INPROCEEDINGS{6731340, 
author={M. E. {Anjum} and S. F. {Ali} and M. T. {Hassan} and M. {Adnan}}, 
booktitle={INMIC}, 
title={Video summarization: Sports highlights generation}, 
year={2013}, 
volume={}, 
number={}, 
pages={142-147}, 
keywords={indexing;sport;video retrieval;video signal processing;video summarization;cricket video;optical character recognition;information extraction;retrieval applications;indexing applications;Accuracy;Optical character recognition software;Libraries;Data mining;Games;Feature extraction;Australia;Optical Character Recognition;sports highlights extraction}, 
doi={10.1109/INMIC.2013.6731340}, 
ISSN={}, 
month={Dec},}

@Article{Hasan2013,
author="Hasan, Taufiq
and Bo{\v{r}}il, Hynek
and Sangwan, Abhijeet
and L Hansen, John H.",
title="Multi-modal highlight generation for sports videos using an information-theoretic excitability measure",
journal="EURASIP Journal on Advances in Signal Processing",
year="2013",
month="Nov",
day="18",
volume="2013",
number="1",
pages="173",
doi="10.1186/1687-6180-2013-173",
url="https://doi.org/10.1186/1687-6180-2013-173"
}

@inproceedings{Tjondronegoro:2003:SVS:973264.973296,
 author = {Tjondronegoro, Dian and Chen, Yi-Ping Phoebe and Pham, Binh},
 title = {Sports Video Summarization Using Highlights and Play-breaks},
 booktitle = {Proceedings of the 5th ACM SIGMM International Workshop on Multimedia Information Retrieval},
 series = {MIR '03},
 year = {2003},
 isbn = {1-58113-778-8},
 location = {Berkeley, California},
 pages = {201--208},
 numpages = {8},
 url = {http://doi.acm.org/10.1145/973264.973296},
 doi = {10.1145/973264.973296},
 acmid = {973296},
 publisher = {ACM},
 address = {New York, NY, USA},
 keywords = {content analysis, video summaries},
} 


%%%%%%others